<record xmlns='http://www.loc.gov/MARC21/slim'
><leader
  >01849ntm a2200313Ii 4500</leader
  ><controlfield tag='001'
  >991058323003506011</controlfield
  ><controlfield tag='005'
  >20220610143327.0</controlfield
  ><controlfield tag='008'
  >220610q16001699enk           000 0 eng d</controlfield
  ><datafield ind1=' ' ind2=' ' tag='035'
  ><subfield code='a'
    >(OCoLC)1328053896h</subfield
    ></datafield
  ><datafield ind1=' ' ind2=' ' tag='035'
  ><subfield code='a'
    >(OCoLC)on1328053896h</subfield
    ></datafield
  ><datafield ind1=' ' ind2=' ' tag='040'
  ><subfield code='a'
    >HRH</subfield
    ><subfield code='b'
    >eng</subfield
    ><subfield code='e'
    >dcrmmss</subfield
    ><subfield code='c'
    >HRH</subfield
    ></datafield
  ><datafield ind1=' ' ind2=' ' tag='041'
  ><subfield code='a'
    >eng</subfield
    ></datafield
  ><datafield ind1=' ' ind2=' ' tag='049'
  ><subfield code='a'
    >HRHH</subfield
    ></datafield
  ><datafield ind1=' ' ind2='9' tag='099'
  ><subfield code='a'
    >MS 3327, Container 130</subfield
    ></datafield
  ><datafield ind1='0' ind2='0' tag='245'
  ><subfield code='a'
    >Exposition of 2 Kings 17:15-16 :</subfield
    ><subfield code='k'
    >manuscript.</subfield
    ></datafield
  ><datafield ind1=' ' ind2='0' tag='264'
  ><subfield code='a'
    >England ;</subfield
    ><subfield code='c'
    >17th century, undated</subfield
    ></datafield
  ><datafield ind1=' ' ind2=' ' tag='300'
  ><subfield code='a'
    >9 leaves :</subfield
    ><subfield code='b'
    >paper,</subfield
    ><subfield code='c'
    >20 x 15 cm</subfield
    ></datafield
  ><datafield ind1=' ' ind2=' ' tag='336'
  ><subfield code='a'
    >text</subfield
    ><subfield code='b'
    >txt</subfield
    ><subfield code='2'
    >rdacontent</subfield
    ></datafield
  ><datafield ind1=' ' ind2=' ' tag='337'
  ><subfield code='a'
    >unmediated</subfield
    ><subfield code='b'
    >n</subfield
    ><subfield code='2'
    >rdamedia</subfield
    ></datafield
  ><datafield ind1=' ' ind2=' ' tag='338'
  ><subfield code='a'
    >volume</subfield
    ><subfield code='b'
    >nc</subfield
    ><subfield code='2'
    >rdacarrier</subfield
    ></datafield
  ><datafield ind1=' ' ind2=' ' tag='500'
  ><subfield code='a'
    >Title devised by cataloger.</subfield
    ></datafield
  ><datafield ind1=' ' ind2=' ' tag='500'
  ><subfield code='a'
    >Text on rectos of fol. 2-8. Incipit: They followed vanity &amp; became vain (2 Kings 17: 15-16)... Having had formerly occasion to discourse of these words I told you how ye designe of ye place was to describe ye captivity of ye ten tribes... .. Explicit: ...when Jezebel a foreign woman endeavoured to extirpate ye religion of ye Israelites &amp; bring in that of her own Country.</subfield
    ></datafield
  ><datafield ind1=' ' ind2=' ' tag='590'
  ><subfield code='a'
    >MS 3327, Container 130: No. 23 written on the outside of the first leaf; Catherine Conduitt, Viscountess Lymington (great-niece of Sir Isaac Newton); by descent to the Viscount Lymington, who sold the collection of Newton manuscripts at Sothebys, London, in July 1936. In this sale, the sermon was offered together with a longer twenty-page [draft?] version of the same as lot no. 261, p. 72. Later offered separately as lot 51a in another unidentified and undated catalog. DIDB: 20942</subfield
    ></datafield
  ><datafield ind1=' ' ind2='7' tag='655'
  ><subfield code='a'
    >Notes (documents)</subfield
    ><subfield code='2'
    >aat</subfield
    ></datafield
  ><datafield ind1='1' ind2=' ' tag='790'
  ><subfield code='a'
    >Wallop (Conduit), Catherine, Viscountess Lymington,</subfield
    ><subfield code='e'
    >former owner.</subfield
    ></datafield
  ><datafield ind1='1' ind2=' ' tag='790'
  ><subfield code='a'
    >Viscount Lymington,</subfield
    ><subfield code='e'
    >former owner.</subfield
    ></datafield
  ><datafield ind1='2' ind2=' ' tag='791'
  ><subfield code='a'
    >Medieval and Early Modern Manuscripts Collection.</subfield
    ></datafield
  ><datafield ind1=' ' ind2=' ' tag='752'
  ><subfield code='a'
    >England,</subfield
    ><subfield code='e'
    >producation place.</subfield
    ></datafield
  ><datafield ind1=' ' ind2=' ' tag='994'
  ><subfield code='a'
    >C0</subfield
    ><subfield code='b'
    >HRH</subfield
    ></datafield
  ></record
>